
@book{jensch_erde_1975,
	address = {Braunschweig},
	edition = {2. Aufl},
	series = {Das geographische {Seminar}},
	title = {Die {Erde} und ihre {Darstellung} im {Kartenbild}},
	isbn = {978-3-14-160286-9},
	language = {ger},
	publisher = {Westermann},
	author = {JENSCH, GEORG},
	year = {1975},
}

@misc{landesvermessungsamt_sachsen_topographische_2009,
	title = {Topographische {Karte} 5050. 5050.},
	isbn = {978-3-86208-039-7},
	language = {German},
	author = {{LANDESVERMESSUNGSAMT SACHSEN}},
	year = {2009},
	note = {OCLC: 699884610},
}

@article{noauthor_kartographie_2018,
	title = {Kartographie},
	doi = {10.36198/9783838549194},
	abstract = {Peter Kohlstock legt mit diesem Buch eine auf langjähriger Lehrerfahrung basierende Einführung in die Kartographie vor, ausgehend von der Abbildung der Erdoberfläche über die Landesaufnahme, die Kartengestaltung und -herstellung bis zur Kartennutzung.
Die insbesondere auch durch zahlreiche, zum Teil farbige Abbildungen sehr anschauliche Darstellung vermittelt die wesentlichen Grundlagen dieses für alle geowissenschaftlichen Studiengänge so wichtigen Fachgebietes als Basis für eine sachverständige Verwendung von Karten unterschiedlichster Form als Informationsquelle und Arbeitsmittel. 
Für die dritte Auflage wurden Text und Karten umfassend aktualisiert und überarbeitet.},
	year = {2018},
	doi = {10.36198/9783838549194},
}

@book{hake_thematische_1970,
	title = {Thematische {Karten}, {Atlanten}, kartenverwandte {Darstellungen}, {Kartentechnik}, {Kartenauswertung}},
	isbn = {978-3-11-232159-1},
	url = {https://www.degruyter.com/document/doi/10.1515/9783112321591/html},
	urldate = {2022-02-25},
	publisher = {De Gruyter},
	author = {Hake, Günter},
	month = dec,
	year = {1970},
	doi = {10.1515/9783112321591},
}

@book{noauthor_geographie_2022,
	title = {Geographie, {Kartographie}, {Umweltforschung}: {Edgar} {Lehmann} zum 75. {Geburstag}},
	isbn = {978-3-11-250448-2},
	shorttitle = {Geographie, {Kartographie}, {Umweltforschung}},
	url = {https://www.degruyter.com/document/doi/10.1515/9783112504482/html},
	language = {de},
	urldate = {2022-02-25},
	publisher = {De Gruyter},
	month = jan,
	year = {2022},
	doi = {10.1515/9783112504482},
	note = {Publication Title: Geographie, Kartographie, Umweltforschung},
}

@book{disterer_studien-_2019,
	address = {Berlin, Heidelberg},
	title = {Studien- und {Abschlussarbeiten} schreiben: {Seminar}-, {Bachelor}- und {Masterarbeiten} in den {Wirtschaftswissenschaften}},
	isbn = {978-3-662-59041-6 978-3-662-59042-3},
	shorttitle = {Studien- und {Abschlussarbeiten} schreiben},
	url = {http://link.springer.com/10.1007/978-3-662-59042-3},
	language = {de},
	urldate = {2022-02-23},
	publisher = {Springer Berlin Heidelberg},
	author = {Disterer, Georg},
	year = {2019},
	doi = {10.1007/978-3-662-59042-3},
}

@book{kohlstock_kartographie_2014,
	address = {Paderborn},
	edition = {3., überarb. Aufl},
	series = {Grundriss allgemeine {Geographie}},
	title = {Kartographie: eine {Einführung}},
	isbn = {978-3-8252-4064-6},
	shorttitle = {Kartographie},
	language = {de},
	number = {2568},
	publisher = {Schöningh},
	author = {KOHLSTOCK, PETER},
	year = {2014},
}

@misc{noauthor_wikipedia_nodate,
	title = {Wikipedia},
}

@book{katila_forests_2014,
	title = {Forests under pressure - {Local} responses to global issues},
	isbn = {978-3-902762-30-6},
	author = {Katila, Pia and Galloway, Glenn and de Jong, Wil and Pacheco, Pablo},
	month = jan,
	year = {2014},
}

@book{katila_forests_2014-1,
	title = {Forests under pressure - {Local} responses to global issues},
	isbn = {978-3-902762-30-6},
	author = {Katila, Pia and Galloway, Glenn and de Jong, Wil and Pacheco, Pablo},
	month = jan,
	year = {2014},
}

@misc{noauthor_finnlands_nodate,
	title = {Finnlands {Urwälder}: {Kahlschlag} für deutsches {Papier} {\textbar} {Greenpeace}},
	shorttitle = {Finnlands {Urwälder}},
	url = {https://www.greenpeace.de/biodiversitaet/waelder/waelder-erde/finnlands-urwaelder-kahlschlag-deutsches-papier},
	abstract = {Die Zerstörung der letzten Urwälder der Erde beschleunigt das dramatische Artensterben und den Klimawandel: Diese wissenschaftlichen Tatsachen sind inzwischen auf internationalen Konferenzen auch durch Politiker nicht mehr zu ignorieren. Trotzdem hat die Regierung Finnlands im Dezember 2006 erneut begonnen, die letzten größeren Urwälder Lapplands kahl zu schlagen. Holz aus finnischer Urwaldzerstörung ist erneut Rohstoff für die Papierproduktion – auch für den deutschen Markt.},
	language = {de},
	urldate = {2022-02-02},
}

@article{schar_role_2004,
	title = {The role of increasing temperature variability in {European} summer heatwaves},
	volume = {427},
	doi = {10/d6fsdk},
	abstract = {Instrumental observations1,2 and reconstructions3,4 of global and hemispheric temperature evolution reveal a pronounced warming during the past ∼150 years. One expression of this warming is the observed increase in the occurrence of heatwaves5,6. Conceptually this increase is understood as a shift of the statistical distribution towards warmer temperatures, while changes in the width of the distribution are often considered small7. Here we show that this framework fails to explain the record-breaking central European summer temperatures in 2003, although it is consistent with observations from previous years. We find that an event like that of summer 2003 is statistically extremely unlikely, even when the observed warming is taken into account. We propose that a regime with an increased variability of temperatures (in addition to increases in mean temperature) may be able to account for summer 2003. To test this proposal, we simulate possible future European climate with a regional climate model in a scenario with increased atmospheric greenhouse-gas concentrations, and find that temperature variability increases by up to 100\%, with maximum changes in central and eastern Europe.},
	number = {6972},
	journal = {Nature},
	author = {Schär, Christoph and Vidale, Pier Luigi and Lüthi, Daniel and {Christoph Frei} and Frei, Christoph and Häberli, Christian and Liniger, Mark A. and Appenzeller, Christof},
	month = jan,
	year = {2004},
	doi = {10.1038/nature02300},
	pmid = {14716318},
	note = {MAG ID: 2008668438},
	pages = {332--336},
}

@article{harkonen_forest_1999,
	title = {Forest damage caused by the {Canadian} beaver ({Castor} canadensis) in {South} {Savo}, {Finland}},
	volume = {33},
	issn = {22424075},
	url = {http://www.silvafennica.fi/article/648},
	doi = {10/gft6vm},
	abstract = {The increasing Canadian beaver (Castor canadensis) population has caused forest damage in Finland. However, the occurrence, extent and importance of the damage have not been comprehensively studied. The field inspection was carried out in all of the beaver damage areas (n = 50) in the Anttola, Juva and Pieksämäki game management units in summer 1998. The characteristics of the damage areas, types of damage and the severity of the damage were examined. The size of the damage areas averaged 2.2 ha. The damage areas occurred on peatland forest more (p {\textless} 0.05) than expected. The dominant tree species were commercially valuable trees such as Scots pine (Pinus sylvestris) (33 \%), Norway spruce (Picea abies) (18 \%) and birches (Betula spp.) (47 \%). Birch occurred as dominant tree species more (p {\textless} 0.05) than expected. The proportion of older forest development classes was considerable. The most important type of damage was flooding (50 \%) caused by the damming activity of beavers. The trees were dead or dying in 18 \% of the damage areas. It was estimated that the ecosystem engineering performed by beavers was of no importance in 28 \% of the damage areas. Prevention of beaver damage has been carried out in 80 \% of the damage areas. In the study area, beaver numbers have steadily increased, although the number of beavers taken by hunting and the allowed hunting harvest have sharply increased. It is suggested that the methods used to prevent beaver damage should be improved and a compensation system should be provided by the state for the most damaged areas. Beavers can cause damage to commercial forestry, and this should be taken into account more effectively in the management plans made by the game management districts.},
	language = {en},
	number = {4},
	urldate = {2022-02-02},
	journal = {Silva Fennica},
	author = {Härkönen, Sauli},
	year = {1999},
}

@article{nevalainen_moose_2016,
	title = {Moose damage in {National} {Forest} {Inventories} (1986–2008) in {Finland}},
	volume = {50},
	issn = {22424075},
	url = {https://www.silvafennica.fi/article/1410},
	doi = {10/gpb5hg},
	abstract = {The occurrence of moose damage was studied using data from three National Forest Inventories (NFIs) accomplished between 1986 and 2008 in Finland. The combined data included a total of 97 390 young stands. The proportion of moose damage increased from 3.6\% to 8.6\% between the 8th NFI (1986–1994) and the 10th NFI (2004–2008). The majority (75\%) of the damage occurred in Scots pine-dominated stands. The proportion of damage was higher in aspen-dominated stands than in stands dominated by any other tree species. The tree species mixture also had a clear effect on the occurrence of damage. Pure Scots pine stands had less damage than mixed Scots pine stands, and moose damage decreased linearly with the increasing proportion of Scots pine. Stands on mineral soil had more frequent moose damage than stands on peatlands. The fertility class of the site had no straightforward effect on the damage frequency. Artificially regenerated stands had more damage than naturally regenerated stands. Accomplished soil preparation measures and the need for thinning or clearing operations increased moose damage. High proportions of moose damage in young stands were found around the country. In the 10th NFI, the largest concentration of damage was found in southwestern Finland. Our study shows the temporal and spatial changes in the occurrence of moose damage and pinpoints some important silvicultural factors affecting the relative risk of young stands over a large geographical area.},
	language = {en},
	number = {2},
	urldate = {2022-02-02},
	journal = {Silva Fennica},
	author = {Nevalainen, Seppo and Matala, Juho and Korhonen, Kari and Ihalainen, Antti and Nikula, Ari},
	year = {2016},
}

@article{gao_assessing_2016,
	title = {Assessing various drought indicators in representing summer drought in boreal forests in {Finland}},
	volume = {20},
	issn = {1027-5606},
	url = {https://hess.copernicus.org/articles/20/175/2016/},
	doi = {10/f79tz8},
	abstract = {{\textless}p{\textgreater}{\textless}strong class="journal-contentHeaderColor"{\textgreater}Abstract.{\textless}/strong{\textgreater} Droughts can have an impact on forest functioning and production, and even lead to tree mortality. However, drought is an elusive phenomenon that is difficult to quantify and define universally. In this study, we assessed the performance of a set of indicators that have been used to describe drought conditions in the summer months (June, July, August) over a 30-year period (1981\&ndash;2010) in Finland. Those indicators include the Standardized Precipitation Index (SPI), the Standardized Precipitation–Evapotranspiration Index (SPEI), the Soil Moisture Index (SMI), and the Soil Moisture Anomaly (SMA). Herein, regional soil moisture was produced by the land surface model JSBACH of the Max Planck Institute for Meteorology Earth System Model (MPI-ESM). Results show that the buffering effect of soil moisture and the associated soil moisture memory can impact on the onset and duration of drought as indicated by the SMI and SMA, while the SPI and SPEI are directly controlled by meteorological conditions. {\textless}br{\textgreater}{\textless}br{\textgreater} In particular, we investigated whether the SMI, SMA and SPEI are able to indicate the Extreme Drought affecting Forest health (EDF), which we defined according to the extreme drought that caused severe forest damages in Finland in 2006. The EDF thresholds for the aforementioned indicators are suggested, based on the reported statistics of forest damages in Finland in 2006. SMI was found to be the best indicator in capturing the spatial extent of forest damage induced by the extreme drought in 2006. In addition, through the application of the EDF thresholds over the summer months of the 30-year study period, the SPEI and SMA tended to show more frequent EDF events and a higher fraction of influenced area than SMI. This is because the SPEI and SMA are standardized indicators that show the degree of anomalies from statistical means over the aggregation period of climate conditions and soil moisture, respectively. However, in boreal forests in Finland, the high initial soil moisture or existence of peat often prevent the EDFs indicated by the SPEI and SMA to produce very low soil moisture that could be indicated as EDFs by the SMI. Therefore, we consider SMI is more appropriate for indicating EDFs in boreal forests. The selected EDF thresholds for those indicators could be calibrated when there are more forest health observation data available. Furthermore, in the context of future climate scenarios, assessments of EDF risks in northern areas should, in addition to climate data, rely on a land surface model capable of reliable prediction of soil moisture.{\textless}/p{\textgreater}},
	language = {English},
	number = {1},
	urldate = {2022-02-02},
	journal = {Hydrology and Earth System Sciences},
	author = {Gao, Y. and Markkanen, T. and Thum, T. and Aurela, M. and Lohila, A. and Mammarella, I. and Kämäräinen, M. and Hagemann, S. and Aalto, T.},
	month = jan,
	year = {2016},
	note = {Publisher: Copernicus GmbH},
	pages = {175--191},
}

@misc{joensuu_finnish_nodate,
	title = {The {Finnish} {Society} of {Forest} {Science} · {The} {Finnish} {Forest} {Research} {Institute}-{6Ê} {Risk} of {Bark} {Beetle} ({Coleoptera}, {Scolytidae}) {Damage} in a {Spruce} {Forest}},
	abstract = {dae) damage in a spruce forest restoration area in central Finland. Silva Fennica 42(2):},
	author = {Joensuu, Johanna and Heliövaara, Kari and Savolainen, Eino},
}

@article{lassinen_strategy_2021,
	title = {{STRATEGY} {BEHIND} {FINNISH} {INNOVATION} {POLICY} {ON} {THE} {MISSION} {TOWARDS} {CARBON} {NEUTRAL} {FINLAND}},
	url = {https://aaltodoc.aalto.fi/handle/123456789/107285},
	abstract = {The main conclusion of this study is that there are differences between Finnish, Swedish and Norwegian innovation policies, which can be used to improve Finnish innovation policy. For example, decentralization of decision-making, a platform for evaluation and collaboration, increasing budget outlay for R\&D, and innovation of concrete solutions to carbon neutrality through applied deployment of knowledge.},
	language = {en},
	journal = {International Business},
	author = {Lassinen, Miika and Rannikko, Heikki},
	year = {2021},
	keywords = {Climate neutral Finland 2035, Nicht so relevant},
	pages = {40},
}

@misc{ministry_of_the_environment_finland_reform_nodate,
	title = {The reform of the {Climate} {Change} {Act}},
	url = {https://ym.fi/en/the-reform-of-the-climate-change-act},
	language = {en-US},
	urldate = {2022-01-25},
	author = {Ministry of the Environment Finland},
	keywords = {Bearbeitet},
}

@misc{ministry_of_the_environment_finland_governments_nodate,
	title = {Government’s climate policy: {Climate} neutral {Finland} 2035},
	shorttitle = {Government’s climate policy},
	url = {https://ym.fi/en/climate-neutral-finland-2035},
	language = {en-US},
	urldate = {2022-01-22},
	journal = {Government’s climate policy: climate-neutral Finland by 2035},
	author = {Ministry of the Environment Finland},
	keywords = {Bearbeitet, Climate neutral Finland 2035},
}

@misc{ministry_of_agriculture_and_forestry_finland_climate_nodate,
	title = {Climate measures in the land use sector},
	url = {https://mmm.fi/en/climate-plan-for-the-land-use-sector},
	language = {en},
	urldate = {2022-01-24},
	author = {{Ministry Of Agriculture And Forestry Finland}},
	keywords = {Bearbeitet},
}

@article{wolff_finnland_2020,
	chapter = {taz, Öko},
	title = {Finnland will 2035 klimaneutral sein: {Finnische} {Kohle} heißt {Torf}},
	issn = {0931-9085},
	shorttitle = {Finnland will 2035 klimaneutral sein},
	url = {https://taz.de/!5658034/},
	abstract = {Helsinki plant bis 2035 Klimaneutralität. Dabei soll auch Atomstrom helfen. Womöglich noch strittiger ist der klimaschädigende Torfabbau.},
	language = {de},
	urldate = {2022-01-24},
	journal = {Die Tageszeitung: taz},
	author = {Wolff, Reinhard},
	month = feb,
	year = {2020},
	keywords = {Finnland, Klimaschutz, Klimawandel, Schwerpunkt, tageszeitung, taz, Öko, Ökonomie},
}

@misc{welle_wwwdwcom_finnland_nodate,
	title = {Finnland: {Kampf} gegen {Abholzung} der {Wälder} {\textbar} {DW} {\textbar} 11.09.2019},
	shorttitle = {Finnland},
	url = {https://www.dw.com/de/finnland-kampf-gegen-abholzung-der-w%C3%A4lder/av-50329859},
	abstract = {Nie wurden so viele Bäume in Finnland gefällt wie 2017. Umweltschützer sind empört. Denn die Bäume binden etwa die Hälfte des CO2, das das Land emittiert. Gerade im Norden ist der Klimawandel spürbar. Doch Holzexporte sind für Finnland wichtig.},
	language = {de\_DE},
	urldate = {2022-01-24},
	author = {Welle (www.dw.com), Deutsche},
}

@misc{noauthor_climate_nodate,
	title = {Climate plan for the land use sector},
	url = {https://mmm.fi/en/climate-plan-for-the-land-use-sector},
	language = {de-DE},
	urldate = {2022-01-22},
	journal = {Maa- ja metsätalousministeriö},
	keywords = {Climate neutral Finland 2035},
}

@misc{noauthor_introduction_nodate,
	title = {Introduction to {Forest} {Change} {Analysis} in {Earth} {Engine} {\textbar} {Google} {Earth} {Engine}},
	url = {https://developers.google.com/earth-engine/tutorials/tutorial_forest_01},
	language = {en},
	urldate = {2022-01-10},
	journal = {Google Developers},
	keywords = {Climate neutral Finland 2035, Forest Cover Change},
}

@article{hansen_high-resolution_2013,
	title = {High-{Resolution} {Global} {Maps} of 21st-{Century} {Forest} {Cover} {Change}},
	volume = {342},
	issn = {0036-8075, 1095-9203},
	url = {https://www.science.org/doi/10.1126/science.1244693},
	doi = {10.1126/science.1244693},
	language = {en},
	number = {6160},
	urldate = {2022-01-10},
	journal = {Science},
	author = {Hansen, M. C. and Potapov, P. V. and Moore, R. and Hancher, M. and Turubanova, S. A. and Tyukavina, A. and Thau, D. and Stehman, S. V. and Goetz, S. J. and Loveland, T. R. and Kommareddy, A. and Egorov, A. and Chini, L. and Justice, C. O. and Townshend, J. R. G.},
	month = nov,
	year = {2013},
	keywords = {Climate neutral Finland 2035, Forest Cover Change},
	pages = {850--853},
}

@article{wolff_schwedens_2021,
	chapter = {taz, Öko},
	title = {Schwedens {Umgang} mit {Waldgebieten}: {Land} der übernutzten {Wälder}},
	issn = {0931-9085},
	shorttitle = {Schwedens {Umgang} mit {Waldgebieten}},
	url = {https://taz.de/!5786633/},
	abstract = {Schweden will der erste fossilfreie Wohlfahrtsstaat werden. Nur: Die riesigen Waldgebiete werden jetzt für Biotreibstoffe gerodet.},
	language = {de},
	urldate = {2022-01-10},
	journal = {Die Tageszeitung: taz},
	author = {Wolff, Reinhard},
	month = aug,
	year = {2021},
	keywords = {Climate neutral Finland 2035},
}

@book{de_lange_geoinformatik_2020,
	address = {Berlin, Heidelberg},
	title = {Geoinformatik in {Theorie} und {Praxis}: {Grundlagen} von {Geoinformationssystemen}, {Fernerkundung} und digitaler {Bildverarbeitung}},
	isbn = {978-3-662-60708-4 978-3-662-60709-1},
	shorttitle = {Geoinformatik in {Theorie} und {Praxis}},
	url = {http://link.springer.com/10.1007/978-3-662-60709-1},
	language = {de},
	urldate = {2022-01-20},
	publisher = {Springer Berlin Heidelberg},
	author = {de Lange, Norbert},
	year = {2020},
	doi = {10.1007/978-3-662-60709-1},
}

@book{kumar_remote_2021,
	address = {Cham},
	title = {Remote {Sensing} and {GIScience}: {Challenges} and {Future} {Directions}},
	isbn = {978-3-030-55091-2 978-3-030-55092-9},
	shorttitle = {Remote {Sensing} and {GIScience}},
	url = {http://link.springer.com/10.1007/978-3-030-55092-9},
	language = {en},
	urldate = {2022-01-20},
	publisher = {Springer International Publishing},
	editor = {Kumar, Pavan and Sajjad, Haroon and Chaudhary, Bhagwan Singh and Rawat, J. S. and Rani, Meenu},
	year = {2021},
	doi = {10.1007/978-3-030-55092-9},
}

@book{sester_geoinformatik_2019,
	address = {Berlin, Heidelberg},
	series = {Springer {Reference} {Naturwissenschaften}},
	title = {Geoinformatik: {Handbuch} der {Geodäsie}, herausgegeben von {Willi} {Freeden} und {Reiner} {Rummel}},
	isbn = {978-3-662-47095-4 978-3-662-47096-1},
	shorttitle = {Geoinformatik},
	url = {http://link.springer.com/10.1007/978-3-662-47096-1},
	language = {de},
	urldate = {2022-01-20},
	publisher = {Springer Berlin Heidelberg},
	editor = {Sester, Monika},
	year = {2019},
	doi = {10.1007/978-3-662-47096-1},
}

@book{kindler_wissenschaftlich_2019,
	address = {Wiesbaden},
	series = {essentials},
	title = {Wissenschaftlich {Arbeiten} in {Geographie} und {Raumwissenschaften}: {Ein} Überblick},
	isbn = {978-3-658-25630-2 978-3-658-25631-9},
	shorttitle = {Wissenschaftlich {Arbeiten} in {Geographie} und {Raumwissenschaften}},
	url = {http://link.springer.com/10.1007/978-3-658-25631-9},
	language = {de},
	urldate = {2022-01-20},
	publisher = {Springer Fachmedien Wiesbaden},
	author = {Kindler, Hannah and Weber, Florian and Kühne, Olaf and Halder, Gerhard},
	year = {2019},
	doi = {10.1007/978-3-658-25631-9},
}

@article{hansen_high-resolution_2013-1,
	title = {High-{Resolution} {Global} {Maps} of 21st-{Century} {Forest} {Cover} {Change}},
	volume = {342},
	issn = {0036-8075, 1095-9203},
	url = {https://www.science.org/doi/10.1126/science.1244693},
	doi = {10.1126/science.1244693},
	language = {en},
	number = {6160},
	urldate = {2022-01-10},
	journal = {Science},
	author = {Hansen, M. C. and Potapov, P. V. and Moore, R. and Hancher, M. and Turubanova, S. A. and Tyukavina, A. and Thau, D. and Stehman, S. V. and Goetz, S. J. and Loveland, T. R. and Kommareddy, A. and Egorov, A. and Chini, L. and Justice, C. O. and Townshend, J. R. G.},
	month = nov,
	year = {2013},
	pages = {850--853},
}

@article{noauthor_nahverkehrsplan_nodate,
	title = {Nahverkehrsplan {Berlin} 2019-2023},
	language = {de},
	pages = {334},
}

@misc{noauthor_berliner_2021,
	title = {Berliner {Mobilitätsgesetz}},
	url = {https://www.berlin.de/sen/uvk/verkehr/verkehrspolitik/mobilitaetsgesetz/},
	abstract = {Berlin soll mobiler, sicherer und klimafreundlicher werden. Dafür schafft das Mobilitätsgesetz eine Grundlage, die alle Interessen in den Blick nimmt.},
	language = {de},
	urldate = {2021-11-25},
	month = nov,
	year = {2021},
}

@misc{senatsverwaltung_fur_justiz_verbraucherschutz_und_antidiskriminierung_berliner_nodate,
	title = {Berliner {Mobilitätsgesetz} {Vom} 5. {Juli} 2018* ({MobG} {BE})},
	author = {{Senatsverwaltung für Justiz, Verbraucherschutz und Antidiskriminierung}},
}

@article{kirchner_offentliche_2021,
	title = {Öffentliche {Mobilität} legitimieren: {Das} {Berliner} {Mobilitätsgesetz}},
	shorttitle = {Öffentliche {Mobilität} legitimieren},
	journal = {Öffentliche Mobilität},
	author = {Kirchner, Jens Holger},
	year = {2021},
	pages = {197},
}

@article{lassen_wahrgenommene_2019,
	title = {Wahrgenommene {Radverkehrssicherheit}},
	author = {LASSEN, LISA FREDERIKE},
	year = {2019},
}

@article{becker_drei_2021,
	title = {Drei {Jahre} {Berliner} {Mobilitätsgesetz} : {Wie} der institutionelle {Umbau} die {Berliner} {Verwaltung} handlungsfähig für die {Umsetzung} macht},
	volume = {73},
	issn = {0020-9511},
	shorttitle = {Drei {Jahre} {Berliner} {Mobilitätsgesetz}},
	url = {https://publications.iass-potsdam.de/pubman/faces/ViewItemFullPage.jsp?itemId=item_6001166_3&view=EXPORT},
	abstract = {Author: Becker, Sophia et al.; Genre: Journal Article; Finally published : 2021-09; Open Access; Keywords: Berliner Mobilitätsgesetz, Implementierung, Planungsrecht, Radverkehr, ÖPNV, Fußverkehr; Title: Drei Jahre Berliner Mobilitätsgesetz : Wie der institutionelle Umbau die Berliner Verwaltung handlungsfähig für die Umsetzung macht},
	language = {deu},
	number = {3},
	urldate = {2021-11-07},
	journal = {Internationales Verkehrswesen},
	author = {Becker, Sophia and Sterz, Anke},
	month = sep,
	year = {2021},
	note = {Publisher: Trialog Publishers Verlagsgesellschaft},
	pages = {10--16},
}

@book{schwedes_offentliche_2021,
	address = {Wiesbaden},
	title = {Öffentliche {Mobilität}: {Voraussetzungen} für eine menschengerechte {Verkehrsplanung}},
	isbn = {978-3-658-32105-5 978-3-658-32106-2},
	shorttitle = {Öffentliche {Mobilität}},
	url = {http://link.springer.com/10.1007/978-3-658-32106-2},
	language = {de},
	urldate = {2021-11-07},
	publisher = {Springer Fachmedien Wiesbaden},
	editor = {Schwedes, Oliver},
	year = {2021},
	doi = {10.1007/978-3-658-32106-2},
}

@article{holst_covid-19_2020,
	title = {Covid-19 und die {Arbeitswelt}.},
	author = {Holst, Hajo and Niehoff, Steffen and Fessler, Agnes and Fessler, Agnes},
	year = {2020},
	pages = {52},
}

@article{dragut_automated_2006,
	title = {Automated classification of landform elements using object-based image analysis},
	volume = {81},
	issn = {0169-555X},
	url = {https://www.sciencedirect.com/science/article/pii/S0169555X06001589},
	doi = {10.1016/j.geomorph.2006.04.013},
	abstract = {This paper presents an automated classification system of landform elements based on object-oriented image analysis. First, several data layers are produced from Digital Terrain Models (DTM): elevation, profile curvature, plan curvature and slope gradient. Second, relatively homogenous objects are delineated at several levels through image segmentation. These object primatives are classified as landform elements using a relative classification model, built both on the surface shape and on the altitudinal position of objects. So far, slope aspect was not used in classification. The classification has nine classes: peaks and toe slopes (defined by the altitudinal position or the degree of dominance), steep slopes and flat/gentle slopes (defined by slope gradients), shoulders and negative contacts (defined by profile curvatures), head slopes, side slopes and nose slopes (defined by plan curvatures). Classes are defined using flexible fuzzy membership functions. Results are visually analyzed by draping them over DTMs. Specific fuzzy classification options were used to obtain an assessment of output accuracy. Two implementations of the methodology are compared using (1) Romanian datasets and (2) Berchtesgaden National Park, Germany. The methodology has proven to be reproducible; readily adaptable for diverse landscapes and datasets; and useful in respect to providing additional information for geomorphological and landscape studies. A major advantage of this new methodology is its transferability, given that it uses only relative values and relative positions to neighboring objects. The methodology introduced in this paper can be used for almost any application where relationships between topographic features and other components of landscapes are to be assessed.},
	language = {en},
	number = {3},
	urldate = {2021-06-29},
	journal = {Geomorphology},
	author = {Drăguţ, Lucian and Blaschke, Thomas},
	month = nov,
	year = {2006},
	pages = {330--344},
}

@book{blaschke_object-based_2008,
	title = {Object-{Based} {Image} {Analysis}: {Spatial} {Concepts} for {Knowledge}-{Driven} {Remote} {Sensing} {Applications}},
	isbn = {978-3-540-77058-9},
	shorttitle = {Object-{Based} {Image} {Analysis}},
	abstract = {This book brings together a collection of invited interdisciplinary persp- tives on the recent topic of Object-based Image Analysis (OBIA). Its c- st tent is based on select papers from the 1 OBIA International Conference held in Salzburg in July 2006, and is enriched by several invited chapters. All submissions have passed through a blind peer-review process resulting in what we believe is a timely volume of the highest scientific, theoretical and technical standards. The concept of OBIA first gained widespread interest within the GIScience (Geographic Information Science) community circa 2000, with the advent of the first commercial software for what was then termed ‘obje- oriented image analysis’. However, it is widely agreed that OBIA builds on older segmentation, edge-detection and classification concepts that have been used in remote sensing image analysis for several decades. Nevert- less, its emergence has provided a new critical bridge to spatial concepts applied in multiscale landscape analysis, Geographic Information Systems (GIS) and the synergy between image-objects and their radiometric char- teristics and analyses in Earth Observation data (EO).},
	language = {en},
	publisher = {Springer Science \& Business Media},
	author = {Blaschke, Thomas and Lang, Stefan and Hay, Geoffrey},
	month = aug,
	year = {2008},
}

@article{hay_object-based_nodate,
	title = {{OBJECT}-{BASED} {IMAGE} {ANALYSIS}: {STRENGTHS}, {WEAKNESSES}, {OPPORTUNITIES} {AND} {THREATS} ({SWOT})},
	abstract = {As an emerging discipline, we propose a formal definition of OBIA, describe how OBIA came into existence, and as a road map to future research propose a fundamental objective. In order to provide potential strategies to meet this objective, we undertake a tentative SWOT Analysis to identify current Strengths, Weakness, Opportunities and Threats that OBIA faces, and discuss the results.},
	language = {en},
	author = {Hay, G J and Castilla, G},
	pages = {3},
}

@article{moskal_monitoring_2011,
	title = {Monitoring urban tree cover using object-based image analysis and public domain remotely sensed data},
	volume = {3},
	number = {10},
	journal = {Remote Sensing},
	author = {Moskal, L. Monika and Styers, Diane M. and Halabisky, Meghan},
	year = {2011},
	note = {Publisher: Molecular Diversity Preservation International},
	pages = {2243--2262},
}

@article{macfaden_high-resolution_2012,
	title = {High-resolution tree canopy mapping for {New} {York} {City} using {LIDAR} and object-based image analysis},
	volume = {6},
	number = {1},
	journal = {Journal of Applied Remote Sensing},
	author = {MacFaden, Sean W. and O'Neil-Dunne, Jarlath PM and Royar, Anna R. and Lu, Jacqueling WT and Rundle, Andrew G.},
	year = {2012},
	note = {Publisher: International Society for Optics and Photonics},
	pages = {063567},
}

@article{heumann_object-based_2011,
	title = {An object-based classification of mangroves using a hybrid decision tree—{Support} vector machine approach},
	volume = {3},
	number = {11},
	journal = {Remote Sensing},
	author = {Heumann, Benjamin W.},
	year = {2011},
	note = {Publisher: Molecular Diversity Preservation International},
	pages = {2440--2460},
}

@article{yurtseven_determination_2019,
	title = {Determination and accuracy analysis of individual tree crown parameters using {UAV} based imagery and {OBIA} techniques},
	volume = {145},
	journal = {Measurement},
	author = {Yurtseven, Huseyin and Akgul, Mustafa and Coban, Suleyman and Gulci, Sercan},
	year = {2019},
	note = {Publisher: Elsevier},
	pages = {651--664},
}

@article{ellis_object-based_2019,
	title = {Object-based delineation of urban tree canopy: {Assessing} change in {Oklahoma} {City}, 2006–2013},
	volume = {73},
	shorttitle = {Object-based delineation of urban tree canopy},
	journal = {Computers, Environment and Urban Systems},
	author = {Ellis, Emily A. and Mathews, Adam J.},
	year = {2019},
	note = {Publisher: Elsevier},
	pages = {85--94},
}

@article{rizvi_mapping_2019,
	title = {Mapping {Trees} on {Farmlands} {Using} {Obia} {Method} and {High} {Resolution} {Satellite} {Data}: a {Case} {Study} of {Koraput} {District}, {Odisha}},
	volume = {42},
	shorttitle = {Mapping {Trees} on {Farmlands} {Using} {Obia} {Method} and {High} {Resolution} {Satellite} {Data}},
	number = {3/W6},
	journal = {International Archives of the Photogrammetry, Remote Sensing and Spatial Information Sciences},
	author = {Rizvi, R. H. and Newaj, Ram and Srivastava, Shefali and Yadav, Maneesh},
	year = {2019},
}

@article{moskal_l_monika_monitoring_2011,
	title = {Monitoring {Urban} {Tree} {Cover} {Using} {Object}-{Based} {Image} {Analysis} and {Public} {Domain} {Remotely} {Sensed} {Data}},
	volume = {3},
	copyright = {http://creativecommons.org/licenses/by/3.0/},
	url = {https://www.mdpi.com/2072-4292/3/10/2243},
	doi = {10.3390/rs3102243},
	abstract = {Urban forest ecosystems provide a range of social and ecological services, but due to the heterogeneity of these canopies their spatial extent is difficult to quantify and monitor. Traditional per-pixel classification methods have been used to map urban canopies, however, such techniques are not generally appropriate for assessing these highly variable landscapes. Landsat imagery has historically been used for per-pixel driven land use/land cover (LULC) classifications, but the spatial resolution limits our ability to map small urban features. In such cases, hyperspatial resolution imagery such as aerial or satellite imagery with a resolution of 1 meter or below is preferred. Object-based image analysis (OBIA) allows for use of additional variables such as texture, shape, context, and other cognitive information provided by the image analyst to segment and classify image features, and thus, improve classifications. As part of this research we created LULC classifications for a pilot study area in Seattle, WA, USA, using OBIA techniques and freely available public aerial photography. We analyzed the differences in accuracies which can be achieved with OBIA using multispectral and true-color imagery. We also compared our results to a satellite based OBIA LULC and discussed the implications of per-pixel driven vs. OBIA-driven field sampling campaigns. We demonstrated that the OBIA approach can generate good and repeatable LULC classifications suitable for tree cover assessment in urban areas. Another important finding is that spectral content appeared to be more important than spatial detail of hyperspatial data when it comes to an OBIA-driven LULC.},
	language = {en},
	number = {10},
	journal = {Remote Sensing},
	author = {{Moskal, L. Monika} and {Styers, Diane M.} and {Halabisky, Meghan}},
	month = oct,
	year = {2011},
	note = {Number: 10
Publisher: Molecular Diversity Preservation International},
	pages = {2243--2262},
}

@article{walker_object-oriented_2007,
	title = {An {Object}-oriented {Approach} to {Urban} {Forest} {Mapping} in {Phoenix}},
	volume = {73},
	doi = {10.14358/PERS.73.5.577},
	abstract = {We present a classification procedure in order to delineate woody vegetation in an arid urban ecosystem using highresolution, true-color aerial photography. We adopted an object-oriented approach due to the physical nature of highresolution photography, in which the objects of interest
were typically composed of many pixels. The segmentation process was parameterized to isolate vegetation patches from shrubs to large trees. These objects were then spectrally analyzed for discrimination between woody vegetation and all other objects and a classification scheme developed.
Accuracy within subclasses was analyzed and indicated highest accuracy for large, dense vegetation. Error was caused by the following plant typologies: small vegetation, sparse canopy density, and gray vegetation. The outset of this procedure produces a binary matrix where the entire raster
set is classified highlighting the elements of the urban forest.},
	number = {5},
	journal = {Photogrammetric Engineering \& Remote Sensing},
	author = {Walker, Jason S. and Briggs, John M.},
	month = may,
	year = {2007},
	pages = {577--583},
}

@article{cleve_classification_2008,
	series = {Geographical {Information} {Science} {Research} – {United} {Kingdom}},
	title = {Classification of the wildland–urban interface: {A} comparison of pixel- and object-based classifications using high-resolution aerial photography},
	volume = {32},
	issn = {0198-9715},
	shorttitle = {Classification of the wildland–urban interface},
	url = {https://www.sciencedirect.com/science/article/pii/S0198971507000737},
	doi = {10.1016/j.compenvurbsys.2007.10.001},
	abstract = {The expansion of urban development into wildland areas can have significant consequences, including an increase in the risk of structural damage from wildfire. Land-use and land-cover maps can assist decision-makers in targeting and prioritizing risk mitigation activities, and remote sensing techniques provide effective and efficient methods to create such maps. However, some image processing approaches may be more appropriate than others in distinguishing land-use and land-cover categories, particularly when classifying high spatial resolution imagery for urbanizing environments. Here we explore the accuracy of pixel-based and object-based classification methods used for mapping in the wildland–urban interface (WUI) with free, readily available, high spatial resolution urban imagery, which is available in many places to municipal and local fire management agencies. Results indicate that an object-based classification approach provides a higher accuracy than a pixel-based classification approach when distinguishing between the selected land-use and land-cover categories. For example, an object-based approach resulted in a 41.73\% greater accuracy for the built area category, which is of particular importance to WUI wildfire mitigation.},
	language = {en},
	number = {4},
	urldate = {2021-06-25},
	journal = {Computers, Environment and Urban Systems},
	author = {Cleve, Casey and Kelly, Maggi and Kearns, Faith R. and Moritz, Max},
	month = jul,
	year = {2008},
	pages = {317--326},
}

@article{lin_use_2015,
	title = {Use of {UAV} oblique imaging for the detection of individual trees in residential environments},
	volume = {14},
	number = {2},
	journal = {Urban forestry \& urban greening},
	author = {Lin, Yi and Jiang, Miao and Yao, Yunjun and Zhang, Lifu and Lin, Jiayuan},
	year = {2015},
	note = {Publisher: Elsevier},
	pages = {404--412},
}

@article{blaschke_object_2010,
	title = {Object based image analysis for remote sensing},
	volume = {65},
	issn = {0924-2716},
	url = {https://www.sciencedirect.com/science/article/pii/S0924271609000884},
	doi = {10.1016/j.isprsjprs.2009.06.004},
	abstract = {Remote sensing imagery needs to be converted into tangible information which can be utilised in conjunction with other data sets, often within widely used Geographic Information Systems (GIS). As long as pixel sizes remained typically coarser than, or at the best, similar in size to the objects of interest, emphasis was placed on per-pixel analysis, or even sub-pixel analysis for this conversion, but with increasing spatial resolutions alternative paths have been followed, aimed at deriving objects that are made up of several pixels. This paper gives an overview of the development of object based methods, which aim to delineate readily usable objects from imagery while at the same time combining image processing and GIS functionalities in order to utilize spectral and contextual information in an integrative way. The most common approach used for building objects is image segmentation, which dates back to the 1970s. Around the year 2000 GIS and image processing started to grow together rapidly through object based image analysis (OBIA - or GEOBIA for geospatial object based image analysis). In contrast to typical Landsat resolutions, high resolution images support several scales within their images. Through a comprehensive literature review several thousand abstracts have been screened, and more than 820 OBIA-related articles comprising 145 journal papers, 84 book chapters and nearly 600 conference papers, are analysed in detail. It becomes evident that the first years of the OBIA/GEOBIA developments were characterised by the dominance of ‘grey’ literature, but that the number of peer-reviewed journal articles has increased sharply over the last four to five years. The pixel paradigm is beginning to show cracks and the OBIA methods are making considerable progress towards a spatially explicit information extraction workflow, such as is required for spatial planning as well as for many monitoring programmes.},
	language = {en},
	number = {1},
	urldate = {2021-06-25},
	journal = {ISPRS Journal of Photogrammetry and Remote Sensing},
	author = {Blaschke, T.},
	month = jan,
	year = {2010},
	pages = {2--16},
}

@misc{noauthor_object-based_nodate,
	title = {Object-based {Classification} []},
	url = {https://wiki.landscapetoolbox.org/doku.php/remote_sensing_methods:object-based_classification},
	urldate = {2021-06-25},
}

@article{knight_2015_2017,
	title = {2015 {Twin} {Cities} {Metropolitan} {Area} {Urban} {Tree} {Canopy} {Assessment}},
	copyright = {CC0 1.0 Universal Public Domain Dedication},
	url = {http://conservancy.umn.edu/handle/11299/183470},
	doi = {10.13020/D6C016},
	abstract = {A high-resolution (1-meter) tree canopy assessment was completed for the Twin Cities Metropolitan Area. Mapping of existing and potential tree canopy is critical for urban tree management at the landscape level. This classification was created from combined 2015 aerial imagery, LIDAR data, and ancillary thematic layers. These data sets were integrated using an Object-Based Image Analysis (OBIA) approach through multi-resolution image segmentation and an iterative set of classification commands in the form of customized rulesets. eCognition® Developer was used to develop the rulesets and produce raster classification products for TCMA. The results were evaluated using randomly placed and independent verified assessment points. The classification product was analyzed at regional scales to compare distributions of tree canopy spatially and at different resolutions. The combination of spectral data and LiDAR through an OBIA method helped to improve the overall accuracy results providing more aesthetically pleasing maps of tree canopy with highly accurate results.},
	language = {en},
	urldate = {2021-06-25},
	author = {Knight, Joseph and Rampi, Lian and Host, Trevor},
	month = jan,
	year = {2017},
	note = {Accepted: 2017-01-03T19:37:15Z
Type: dataset},
}

@article{moskal_monitoring_2011-1,
	title = {Monitoring {Urban} {Tree} {Cover} {Using} {Object}-{Based} {Image} {Analysis} and {Public} {Domain} {Remotely} {Sensed} {Data}},
	volume = {3},
	copyright = {http://creativecommons.org/licenses/by/3.0/},
	url = {https://www.mdpi.com/2072-4292/3/10/2243},
	doi = {10.3390/rs3102243},
	abstract = {Urban forest ecosystems provide a range of social and ecological services, but due to the heterogeneity of these canopies their spatial extent is difficult to quantify and monitor. Traditional per-pixel classification methods have been used to map urban canopies, however, such techniques are not generally appropriate for assessing these highly variable landscapes. Landsat imagery has historically been used for per-pixel driven land use/land cover (LULC) classifications, but the spatial resolution limits our ability to map small urban features. In such cases, hyperspatial resolution imagery such as aerial or satellite imagery with a resolution of 1 meter or below is preferred. Object-based image analysis (OBIA) allows for use of additional variables such as texture, shape, context, and other cognitive information provided by the image analyst to segment and classify image features, and thus, improve classifications. As part of this research we created LULC classifications for a pilot study area in Seattle, WA, USA, using OBIA techniques and freely available public aerial photography. We analyzed the differences in accuracies which can be achieved with OBIA using multispectral and true-color imagery. We also compared our results to a satellite based OBIA LULC and discussed the implications of per-pixel driven vs. OBIA-driven field sampling campaigns. We demonstrated that the OBIA approach can generate good and repeatable LULC classifications suitable for tree cover assessment in urban areas. Another important finding is that spectral content appeared to be more important than spatial detail of hyperspatial data when it comes to an OBIA-driven LULC.},
	language = {en},
	number = {10},
	urldate = {2021-06-25},
	journal = {Remote Sensing},
	author = {Moskal, L. Monika and Styers, Diane M. and Halabisky, Meghan},
	month = oct,
	year = {2011},
	note = {Number: 10
Publisher: Molecular Diversity Preservation International},
	pages = {2243--2262},
}

@misc{noauthor_durre_nodate,
	title = {Dürre in {Kalifornien}: {Ein} {Staat} trocknet aus},
	shorttitle = {Dürre in {Kalifornien}},
	url = {https://www.spektrum.de/news/kaliforniens-duerre-ein-staat-trocknet-aus/1359199},
	abstract = {Kaliforniens katastrophale Trockenheit},
	urldate = {2021-06-15},
}

@misc{noauthor_current_nodate,
	title = {Current {Map} {\textbar} {U}.{S}. {Drought} {Monitor}},
	url = {https://droughtmonitor.unl.edu/},
	urldate = {2021-06-14},
}

@misc{noauthor_durre_2021,
	title = {Dürre in {Kalifornien} 2011–2017},
	copyright = {Creative Commons Attribution-ShareAlike License},
	url = {https://de.wikipedia.org/w/index.php?title=D%C3%BCrre_in_Kalifornien_2011%E2%80%932017&oldid=211926769},
	abstract = {Von Ende 2011 bis Anfang 2017 herrschte im US-amerikanischen Bundesstaat Kalifornien eine ungewöhnlich starke und lange Dürrephase. Mögliche Zusammenhänge mit der globalen Erwärmung werden diskutiert. In den Vereinigten Staaten wird die Dürre schlicht California Drought genannt.},
	language = {de},
	urldate = {2021-06-14},
	journal = {Wikipedia},
	month = may,
	year = {2021},
	note = {Page Version ID: 211926769},
}

@misc{noauthor_folgen_2021,
	title = {Folgen der globalen {Erwärmung} in {Kalifornien}},
	copyright = {Creative Commons Attribution-ShareAlike License},
	url = {https://de.wikipedia.org/w/index.php?title=Folgen_der_globalen_Erw%C3%A4rmung_in_Kalifornien&oldid=212571688},
	abstract = {Die Folgen der globalen Erwärmung in Kalifornien zählen zu den regionalen und lokalen Auswirkungen der Erderwärmung.},
	language = {de},
	urldate = {2021-06-14},
	journal = {Wikipedia},
	month = jun,
	year = {2021},
	note = {Page Version ID: 212571688},
}

@misc{noauthor_climate_2021,
	title = {Climate change in {California}},
	copyright = {Creative Commons Attribution-ShareAlike License},
	url = {https://en.wikipedia.org/w/index.php?title=Climate_change_in_California&oldid=1017853880},
	abstract = {Climate change in California has resulted in higher than average temperatures, more temperature extremes, and decreased rainfall, leading to increased occurrences of drought and wildfires. During the next few decades in California, climate change is likely to further reduce water availability, increase wildfire risk, decrease agricultural productivity, and threaten coastal ecosystems. The state will also be impacted economically due to the rising cost of providing water to its residents along with revenue and job loss in the agricultural sector.  California has taken a number of steps to mitigate impacts of climate change in the state.},
	language = {en},
	urldate = {2021-06-14},
	journal = {Wikipedia},
	month = apr,
	year = {2021},
	note = {Page Version ID: 1017853880},
}

@misc{noauthor_20112017_2021,
	title = {2011–2017 {California} drought},
	copyright = {Creative Commons Attribution-ShareAlike License},
	url = {https://en.wikipedia.org/w/index.php?title=2011%E2%80%932017_California_drought&oldid=1026730175},
	abstract = {The 2011-2017 California drought was a persistent drought from the period of December 2011 to March 2017, and is one of the most intense droughts in California history, with the period of late 2011 through 2014 being the driest in California history. The drought killed 102 million trees from 2011 to 2016, with 62 million killed in 2016 alone. The cause of the drought is attributed to a ridge of high pressure in the Pacific Sea — the "Ridiculously Resilient Ridge" — which often barred powerful winter storms from reaching the state.By February 2017, the state drought percentage returned to levels below that of late 2011, mainly due to a very wet pattern caused by atmospheric river-enhanced Pacific storms.  The wet pattern caused severe flooding. 
In mid-March 2019, California was declared totally drought-free, with the exception of a small pocket of "abnormally dry" conditions in Southern California, following a series of powerful Pacific storms during the first few months of the year. This coincided with the U.S. experiencing drought conditions in the fewest parts of the country since 2000.},
	language = {en},
	urldate = {2021-06-14},
	journal = {Wikipedia},
	month = jun,
	year = {2021},
	note = {Page Version ID: 1026730175},
}

@misc{noauthor_droughts_2021,
	title = {Droughts in {California}},
	copyright = {Creative Commons Attribution-ShareAlike License},
	url = {https://en.wikipedia.org/w/index.php?title=Droughts_in_California&oldid=1028439402},
	abstract = {Throughout history, California has experienced many droughts, such as 1841, 1864, 1924, 1928–1935, 1947–1950, 1959–1960, 1976–1977, 1986–1992, 2006–2010, 2011–2017, 2018 and 2020 which continues to this day. As the most populous state in the United States and a major agricultural producer, drought in California can have a severe economic as well as environmental impact. Drought may be due solely to, or found in combination with, weather conditions; economic or political actions; or population and farming.},
	language = {en},
	urldate = {2021-06-14},
	journal = {Wikipedia},
	month = jun,
	year = {2021},
	note = {Page Version ID: 1028439402},
}

@article{pal_random_2005,
	title = {Random forest classifier for remote sensing classification},
	volume = {26},
	issn = {0143-1161},
	url = {https://doi.org/10.1080/01431160412331269698},
	doi = {10.1080/01431160412331269698},
	abstract = {Growing an ensemble of decision trees and allowing them to vote for the most popular class produced a significant increase in classification accuracy for land cover classification. The objective of this study is to present results obtained with the random forest classifier and to compare its performance with the support vector machines (SVMs) in terms of classification accuracy, training time and user defined parameters. Landsat Enhanced Thematic Mapper Plus (ETM+) data of an area in the UK with seven different land covers were used. Results from this study suggest that the random forest classifier performs equally well to SVMs in terms of classification accuracy and training time. This study also concludes that the number of user‐defined parameters required by random forest classifiers is less than the number required for SVMs and easier to define.},
	number = {1},
	urldate = {2021-06-03},
	journal = {International Journal of Remote Sensing},
	author = {Pal, M.},
	month = jan,
	year = {2005},
	note = {Publisher: Taylor \& Francis
\_eprint: https://doi.org/10.1080/01431160412331269698},
	pages = {217--222},
}

@article{ginzler_entwicklungen_2017,
	title = {Entwicklungen im {Bereich} der {Fernerkundung} für forstliche {Anwendungen}},
	volume = {168},
	issn = {0036-7818, 2235-1469},
	url = {http://meridian.allenpress.com/szf/article/168/3/118/128603/Entwicklungen-im-Bereich-der-Fernerkundung-f%C3%BCr},
	doi = {10.3188/szf.2017.0118},
	abstract = {In den letzten zehn Jahren sind im Bereich von Methoden und Daten der Fernerkundung für forstliche Anwendungen grosse Fortschritte erzielt worden. Viele Datensätze stehen nicht mehr nur für Fallstudien und Methodenentwicklungen zur Verfügung, sondern auch für die grossflächige Anwendung, und sie werden mittlerweile zum Teil auch in kurzen Abständen aktualisiert. Luftbilder, die auch das nahe Infrarot erfassen, werden heute dank den digitalen Kameras routinemässig aufgenommen. Farbinfrarot-Orthobilder lassen sich auf kantonaler und nationaler Ebene sehr einfach in die GIS-Anwendung einbinden. Daten aus flugzeuggetragenem Laserscanning sind für viele Anwendungen fast schon ein Standard geworden. Es existieren in die gewohnte Arbeitsumgebung integrierbare Werkzeuge, die es erlauben, mit den 3-D-Punktwolken Analysen sehr effizient durchzuführen und nützliche Produkte für den Waldbereich zu realisieren. Auch terrestrisches Laserscanning steht kurz vor der operationellen Anwendbarkeit. Fernerkundung entwickelt sich immer mehr zu einem Werkzeug für die praktische, tägliche Arbeit. Ist man sich der Möglichkeiten, aber auch der Grenzen bewusst, so vermag die Fernerkundung substanzielle Beiträge zur Unterstützung und Optimierung von terrestrischen Inventuren zu leisten und grossflächig Mehrwerte zu generieren.},
	language = {de},
	number = {3},
	urldate = {2021-05-30},
	journal = {Schweizerische Zeitschrift fur Forstwesen},
	author = {Ginzler, Christian and Waser, Lars T.},
	month = mar,
	year = {2017},
	pages = {118--126},
}

@article{fassnacht_review_2016,
	title = {Review of studies on tree species classification from remotely sensed data},
	volume = {186},
	issn = {00344257},
	url = {https://linkinghub.elsevier.com/retrieve/pii/S0034425716303169},
	doi = {10.1016/j.rse.2016.08.013},
	abstract = {Spatially explicit information on tree species composition of managed and natural forests, plantations and urban vegetation provides valuable information for nature conservationists as well as for forest and urban managers and is frequently required over large spatial extents. Over the last four decades, advances in remote sensing technology have enabled the classiﬁcation of tree species from several sensor types.},
	language = {en},
	urldate = {2021-05-30},
	journal = {Remote Sensing of Environment},
	author = {Fassnacht, Fabian Ewald and Latifi, Hooman and Stereńczak, Krzysztof and Modzelewska, Aneta and Lefsky, Michael and Waser, Lars T. and Straub, Christoph and Ghosh, Aniruddha},
	month = dec,
	year = {2016},
	pages = {64--87},
}

@article{lampert_gesundheitliche_2018,
	title = {Gesundheitliche {Ungleichheit} in {Deutschland} und im internationalen {Vergleich}: {Zeitliche} {Entwicklungen} und {Trends}},
	copyright = {(CC BY 4.0) Namensnennung 4.0 International},
	shorttitle = {Gesundheitliche {Ungleichheit} in {Deutschland} und im internationalen {Vergleich}},
	url = {https://edoc.rki.de/handle/176904/3045},
	doi = {10.25646/2970},
	abstract = {Die sozialepidemiologische Forschung und die Gesundheitsberichterstattung haben inzwischen überzeugend belegt,  dass Personen mit niedrigem im Vergleich zu denjenigen mit höherem sozioökonomischen Status von vielen  Krankheiten, Beschwerden und Funktionseinschränkungen verstärkt betroffen sind und zu einem größeren Anteil  vorzeitig sterben. Als Gründe hierfür werden unter anderem stärkere Belastungen am Arbeitsplatz, in der  Wohnumgebung und im familiären und sozialen Umfeld diskutiert. Daneben dürften soziale Unterschiede im  Gesundheitsverhalten sowie in den verfügbaren sozialen und personalen Ressourcen, die zum Beispiel bei der  Bewältigung von Anforderungen und Belastungen zum Tragen kommen, eine Rolle spielen. Aus Sicht von Public  Health und Gesundheitspolitik stellt die Verringerung dieser gesundheitlichen Ungleichheit ein wichtiges Ziel dar.  Erkenntnisse über zeitliche Entwicklungen und Trends der gesundheitlichen Ungleichheit können dazu beitragen,  auf neue oder sich verfestigende Problemlagen und damit auch auf mögliche Zielgruppen und Settings für  Interventionen hinzuweisen. Außerdem stellen sie eine Voraussetzung für die Bewertung und Erfolgskontrolle  umgesetzter politischer Maßnahmen und Programme dar. Vor diesem Hintergrund geht die vorliegende  Übersichtsarbeit der Frage nach, wie sich die gesundheitliche Ungleichheit in Deutschland über die letzten 20 bis  30 Jahre entwickelt hat und ordnet die Ergebnisse in den internationalen Forschungsstand ein.},
	language = {ger},
	urldate = {2021-04-18},
	author = {Lampert, Thomas and Kroll, Lars Eric and Kuntz, Benjamin and Hoebel, Jens},
	month = mar,
	year = {2018},
	note = {Accepted: 2018-05-07T21:16:41Z
Publisher: Robert Koch-Institut, Epidemiologie und Gesundheitsberichterstattung},
}

@book{harvey_social_2010,
	title = {Social {Justice} and the {City}},
	isbn = {978-0-8203-3604-6},
	abstract = {Throughout his distinguished and influential career, David Harvey has defined and redefined the relationship between politics, capitalism, and the social aspects of geographical theory. Laying out Harvey's position that geography could not remain objective in the face of urban poverty and associated ills, Social Justice and the City is perhaps the most widely cited work in the field. Harvey analyzes core issues in city planning and policy--employment and housing location, zoning, transport costs, concentrations of poverty--asking in each case about the relationship between social justice and space. How, for example, do built-in assumptions about planning reinforce existing distributions of income? Rather than leading him to liberal, technocratic solutions, Harvey's line of inquiry pushes him in the direction of a "revolutionary geography," one that transcends the structural limitations of existing approaches to space. Harvey's emphasis on rigorous thought and theoretical innovation gives the volume an enduring appeal. This is a book that raises big questions, and for that reason geographers and other social scientists regularly return to it.},
	language = {en},
	publisher = {University of Georgia Press},
	author = {Harvey, David},
	month = apr,
	year = {2010},
	note = {Google-Books-ID: VCwLi2nVmooC},
}

@article{huster_gesundheitsgerechtigkeit_2008,
	title = {Gesundheitsgerechtigkeit: {Public} {Health} im {Sozialstaat}},
	volume = {63},
	issn = {0022-6882},
	shorttitle = {Gesundheitsgerechtigkeit},
	url = {https://www.jstor.org/stable/20829343},
	abstract = {Sowohl der Gesundheitszustand der Bevölkerung als auch die soziale Verteilung von Gesundheit hängen nicht primär von der medizinischen Versorgung, sondern von anderen, im weitesten Sinne sozialen Gesundheitsfaktoren ab. Diese Tatsache gerät zunehmend in das öffentliche Bewusstsein. Der Beitrag diskutiert die Frage, welche Konsequenzen sich aus dieser Erkenntnis für das Verfassungsrecht des Sozialstaats ergeben.},
	number = {18},
	urldate = {2021-04-18},
	journal = {JuristenZeitung},
	author = {Huster, Stefan},
	year = {2008},
	note = {Publisher: Mohr Siebeck GmbH \& Co. KG},
	pages = {859--867},
}

@techreport{lampert_gesundheitliche_2017,
	type = {report},
	title = {Gesundheitliche {Ungleichheit} in verschiedenen {Lebensphasen}},
	url = {https://edoc.rki.de/handle/176904/3266},
	abstract = {Soziale Unterschiede in der Gesundheit und Lebenserwartung sind ein zentrales  Thema von Public Health und Gesundheitspolitik. Mittlerweile belegen zahlreiche  Studien, dass die Angehörigen sozial benachteiligter Bevölkerungsgruppen häufiger  von chronischen Krankheiten und Beschwerden betroffen sind, ihre eigene  Gesundheit und gesundheitsbezogene Lebensqualität schlechter einschätzen  und zu einem größeren Anteil vorzeitig sterben als die Angehörigen sozial besser  gestellter Bevölkerungsgruppen. Der vorliegende Bericht fasst den aktuellen  Forschungs- und Erkenntnisstand zusammen und ergänzt diesen um eine  lebensphasenspezifische Betrachtung der gesundheitlichen Ungleichheit, die  vom Kindes- und Jugendalter über das junge und mittlere Erwachsenenalter bis  hin zum höheren Lebensalter reicht. Die Ergebnisse verweisen darauf, dass die  gesundheitliche Ungleichheit über den gesamten Lebensverlauf stark ausgeprägt  ist und Maßnahmen, die auf eine Stärkung der gesundheitlichen Chancengleichheit  zielen, lebensphasenspezifisch ausgerichtet und umgesetzt werden sollten.},
	language = {ger},
	urldate = {2021-04-18},
	institution = {Robert Koch-Institut},
	author = {Lampert, Thomas and Hoebel, Jens and Kuntz, Benjamin and Müters, Stephan and Kroll, Lars E.},
	month = apr,
	year = {2017},
	doi = {10.25646/3191},
	note = {Accepted: 2018-05-07T21:57:35Z
ISBN: 9783896062345},
}

@incollection{baumgart_gesundheit_2018,
	address = {Hannover},
	title = {Gesundheit in der {Raumplanung}},
	booktitle = {Handwörterbuch der {Stadt}‐ und {Raumentwicklung}},
	author = {Baumgart, Sabine and Rüdiger, Andrea},
	editor = {ARL – Akademie für Raumforschung und Landesplanung},
	year = {2018},
}

@article{weltgesundheitsorganisation_ottawa-charta_nodate,
	title = {Ottawa-{Charta} zur {Gesundheitsförderung}, 1986},
	language = {de},
	author = {Weltgesundheitsorganisation},
	pages = {6},
}

@article{dzudzek_urbane_2020,
	title = {Urbane {Gesundheitsgerechtigkeit}: Öko-sozialepidemiologische {Forschungsperspektiven} für eine {Kritische} {Stadtgeographie} verkörperter {Ungleichheiten}. {What} critical urban geography can learn from ecosocial epidemiology for researching embodied inequalities},
	volume = {108},
	issn = {0016-7479, 2365-3124},
	shorttitle = {Urbane {Gesundheitsgerechtigkeit}},
	url = {https://elibrary.steiner-verlag.de/article/10.25162/gz-2020-0005},
	doi = {10.25162/gz-2020-0005},
	abstract = {Health injustice kills on all spatial scales. The WHO agrees on this with the German Robert-Koch-Institute. Justice has been a core concern of human geography since David Harvey’s „Social Justice and the City“ (2009 [1973]). It is therefore astonishing that Critical Urban Geography, Medical and Health Geography have so far devoted little attention to this topic. Public Health scholars define “social determinants of health” mostly in terms of quantitative risk assessment. However, poverty, lack of education, migration experience, poor housing and exposure to environmental toxins in the city do not necessarily make people ill or automatically reduce their life expectancy.},
	language = {de},
	number = {4},
	urldate = {2021-04-18},
	journal = {Geographische Zeitschrift},
	author = {Dzudzek, Iris and Strüver, Anke},
	year = {2020},
	pages = {249},
}

@book{de_lange_geoinformatik_nodate,
	address = {Berlin, Heidelberg},
	edition = {3., vollst. überarb. u. akt. Aufl. 2013},
	title = {Geoinformatik: in {Theorie} und {Praxis}},
	isbn = {978-3-642-34806-8},
	shorttitle = {Geoinformatik},
	language = {ger},
	publisher = {Springer Berlin Heidelberg},
	author = {de Lange, Norbert},
	doi = {10.1007/978-3-642-34807-5},
	note = {00229 },
}

@book{lillesand_remote_2015,
	address = {Hoboken, NJ},
	edition = {7. ed.},
	title = {Remote sensing and image interpretation},
	isbn = {978-1-118-34328-9},
	abstract = {Thomas M. Lillesand ; Ralph W. Kiefer ; Jonathan W. Chipman.},
	language = {eng},
	publisher = {Wiley},
	author = {Lillesand, Thomas M.},
	collaborator = {Kiefer, Ralph W. and Chipman, Jonathan W.},
	year = {2015},
	note = {16192},
}

@misc{natural_resources_canada_remote_2007,
	title = {Remote {Sensing} {Tutorials}},
	url = {https://www.nrcan.gc.ca/maps-tools-publications/satellite-imagery-air-photos/tutorial-fundamentals-remote-sensing/9309},
	language = {eng},
	urldate = {2021-04-03},
	author = {{Natural Resources Canada}},
	month = sep,
	year = {2007},
	note = {00000 
Last Modified: 2019-08-06
Publisher: Natural Resources Canada},
}

@book{richards_remote_2012,
	title = {Remote sensing digital image analysis},
	isbn = {978-3-540-54840-9},
	abstract = {Possibly the greatest change confronting the practitioner and student of remote sensing in the period since the first edition of this text appeared in 1986 has been the enormous improvement in accessibility to image processing technology. Falling hardware and software costs, combined with an increase in functionality through the development of extremely versatile user interfaces, has meant that even the user unskilled in computing now has immediate and ready access to powerful and flexible means for digital image analysis and enhancement. An understanding, at algorithmic level, of the various methods for image processing has become therefore even more important in the past few years to ensure the full capability of digital image processing is utilised. This period has also been a busy one in relation to digital data supply. Several nations have become satellite data gatherers and providers, using both optical and microwave technology. Practitioners and researchers are now faced, therefore, with the need to be able to process imagery from several sensors, together with other forms of spatial data. This has been driven, to an extent, by developments in Geographic Information Systems (GIS) which, in tum, have led to the appearance of newer image processing procedures as adjuncts to more traditional approaches.},
	language = {eng},
	publisher = {Springer},
	author = {Richards, John A.},
	year = {2012},
	doi = {10.1007/978-3-642-88087-2},
}

@incollection{fruhauf_earth_2020,
	address = {Cham},
	title = {Earth {Observation} and {Map}-{Based} {Land}-{Use} {Change} {Analysis} in the {Kulunda} {Steppe} {Since} the 1950s},
	isbn = {978-3-030-15926-9 978-3-030-15927-6},
	url = {http://link.springer.com/10.1007/978-3-030-15927-6_9},
	abstract = {The overall aim of this work is to provide land-use and land-cover change information as part of the KULUNDA project to develop sustainable land management policies and practices to stabilize agricultural yields and minimize ongoing degradation and desertiﬁcation processes. The area under investigation comprises around 80,000 km2 and belongs to what is thought of as Russia’s granary, an essential area in ensuring adequate food supply. Inadequate and outdated cultivation and agricultural management practices have caused ecological and socio-economic problems including soil degradation, desertiﬁcation and yield losses. The focus of this work is the quantiﬁcation and assessment of land-use and land-cover changes over time. Multi-temporal and multi-sensor satellite data and historical topographic maps were used to detect changes of speciﬁc land-use and land-cover classes. The present work utilizes pixel-based data classiﬁcation approaches as well as object-based concepts and uses Landsat MSS, TM5, ETM and RapidEye data. For the 1950s, a GIS map layer-based approach is used and calibrated with panchromatic airphotograph data mosaics. Results of the land-use change mapping show an increase in cropland until 1989 of nearly 1 mio ha and a decrease until 2013/2014 of 500,000 ha directly connected to a decrease in grassland and steppe area until 1989 and an increase in grassland until 2013/2014. This study for the ﬁrst time quantiﬁes the land-cover change over 60 years in the Kulunda steppe region of Russia.},
	language = {en},
	urldate = {2021-04-02},
	booktitle = {{KULUNDA}: {Climate} {Smart} {Agriculture}},
	publisher = {Springer International Publishing},
	author = {Hese, S. and Kurepina, N. and Walde, I. and Tsimbalei, Yu. M. and Plutalova, T. G.},
	editor = {Frühauf, Manfred and Guggenberger, Georg and Meinel, Tobias and Theesfeld, Insa and Lentz, Sebastian},
	year = {2020},
	doi = {10.1007/978-3-030-15927-6_9},
	note = {00000 
Series Title: Innovations in Landscape Research},
	pages = {119--141},
}
